<?xml version="1.0" encoding="UTF-8"?><collection xmlns="http://www.loc.gov/MARC21/slim"><record><leader>00504nam--2200193-u-4500</leader><controlfield tag="001">000053911</controlfield><controlfield tag="002">20161230</controlfield><controlfield tag="005">20161230201051</controlfield><controlfield tag="008">110705s1000------------r-----000-0-rus-d</controlfield><datafield ind1=" " ind2=" " tag="040"><subfield code="a">IFIN-HH</subfield></datafield><datafield ind1=" " ind2=" " tag="041"><subfield code="a">rus</subfield></datafield><datafield ind1=" " ind2=" " tag="080"><subfield code="a">539.2</subfield></datafield><datafield ind1="1" ind2=" " tag="100"><subfield code="a">Vorobiev, A.A</subfield></datafield><datafield ind1="1" ind2="0" tag="245"><subfield code="a">Fiziceskie svoistva ionnikh kristalliceskikh dielektrikov</subfield><subfield code="c">A.a vorobiev</subfield></datafield><datafield ind1=" " ind2=" " tag="260"><subfield code="a">Tomsk</subfield><subfield code="b">Tomskogo Universiteta</subfield><subfield code="c">1960</subfield></datafield><datafield ind1=" " ind2=" " tag="300"><subfield code="a">2 VOL</subfield></datafield><datafield ind1="1" ind2=" " tag="787"><subfield code="a">Kinga 2</subfield><subfield code="h">255p</subfield></datafield><datafield ind1=" " ind2=" " tag="852"><subfield code="a">8685</subfield><subfield code="c">537.226</subfield></datafield><datafield ind1=" " ind2=" " tag="CAT"><subfield code="a">Sys</subfield><subfield code="c">20110705</subfield><subfield code="h">125824</subfield></datafield></record></collection>